<record><leader>00000cas a22000007a 4500</leader><controlfield tag="001">12175821</controlfield><controlfield tag="008">850619d19181932wiuwr ne      0    0eng d</controlfield><datafield ind1=" " ind2=" " tag="010"><subfield code="a">sn 85040668 </subfield></datafield><datafield ind1=" " ind2=" " tag="040"><subfield code="a">NPV</subfield><subfield code="b">eng</subfield><subfield code="c">NPV</subfield><subfield code="d">OCLCQ</subfield></datafield><datafield ind1=" " ind2=" " tag="042"><subfield code="a">msc</subfield></datafield><datafield ind1="0" ind2=" " tag="130"><subfield code="a">Sawyer County record (Hayward, Wis. : 1918)</subfield></datafield><datafield ind1="1" ind2="0" tag="245"><subfield code="a">Sawyer County record.</subfield></datafield><datafield ind1="1" ind2="3" tag="246"><subfield code="a">Sawyer County record and Hayward Republican</subfield></datafield><datafield ind1=" " ind2=" " tag="260"><subfield code="a">Hayward, Wis. :</subfield><subfield code="b">[F.J. Schweger],</subfield><subfield code="c">-1932.</subfield></datafield><datafield ind1=" " ind2=" " tag="300"><subfield code="a">v.</subfield></datafield><datafield ind1=" " ind2=" " tag="310"><subfield code="a">Weekly</subfield></datafield><datafield ind1="0" ind2=" " tag="362"><subfield code="a">Vol. 26, no. 17 (Nov. 28, 1918)-v. 38, no. 43 (May 12, 1932).</subfield></datafield><datafield ind1=" " ind2=" " tag="752"><subfield code="a">United States</subfield><subfield code="b">Wisconsin</subfield><subfield code="c">Sawyer</subfield><subfield code="d">Hayward.</subfield></datafield><datafield ind1="0" ind2="0" tag="780"><subfield code="t">Sawyer County record and Hayward Republican (Hayward, Wis. : 1915)</subfield><subfield code="w">(DLC)sn 85040667</subfield></datafield><datafield ind1="0" ind2="0" tag="785"><subfield code="t">Sawyer County record and Hayward Republican</subfield><subfield code="w">(DLC)sn 84001217</subfield></datafield></record>